@phdthesis{Kim:2006:ABP:1237392,
 author = {Kim, Sunghun},
 advisor = {Whitehead,Jr., E. James},
 title = {Adaptive Bug Prediction by Analyzing Project History},
 year = {2006},
 isbn = {978-0-542-83718-0},
 note = {AAI3229992},
 publisher = {University of California at Santa Cruz},
 address = {Santa Cruz, CA, USA},
}

@inproceedings{Herzig:2013:IBI:2486788.2486840,
 author = {Herzig, Kim and Just, Sascha and Zeller, Andreas},
 title = {It\&\#039;s Not a Bug, It\&\#039;s a Feature: How Misclassification Impacts Bug Prediction},
 booktitle = {Proceedings of the 2013 International Conference on Software Engineering},
 series = {ICSE '13},
 year = {2013},
 isbn = {978-1-4673-3076-3},
 location = {San Francisco, CA, USA},
 pages = {392--401},
 numpages = {10},
 url = {http://dl.acm.org.acm.han.buw.uw.edu.pl/citation.cfm?id=2486788.2486840},
 acmid = {2486840},
 publisher = {IEEE Press},
 address = {Piscataway, NJ, USA},
}

@inproceedings{Lee:2011:MIM:2025113.2025156,
 author = {Lee, Taek and Nam, Jaechang and Han, DongGyun and Kim, Sunghun and In, Hoh Peter},
 title = {Micro Interaction Metrics for Defect Prediction},
 booktitle = {Proceedings of the 19th ACM SIGSOFT Symposium and the 13th European Conference on Foundations of Software Engineering},
 series = {ESEC/FSE '11},
 year = {2011},
 isbn = {978-1-4503-0443-6},
 location = {Szeged, Hungary},
 pages = {311--321},
 numpages = {11},
 url = {http://doi.acm.org.acm.han.buw.uw.edu.pl/10.1145/2025113.2025156},
 doi = {10.1145/2025113.2025156},
 acmid = {2025156},
 publisher = {ACM},
 address = {New York, NY, USA},
 keywords = {defect prediction, micro interaction metrics, mylyn},
}

@inproceedings{Kim:2011:DND:1985793.1985859,
 author = {Kim, Sunghun and Zhang, Hongyu and Wu, Rongxin and Gong, Liang},
 title = {Dealing with Noise in Defect Prediction},
 booktitle = {Proceedings of the 33rd International Conference on Software Engineering},
 series = {ICSE '11},
 year = {2011},
 isbn = {978-1-4503-0445-0},
 location = {Waikiki, Honolulu, HI, USA},
 pages = {481--490},
 numpages = {10},
 url = {http://doi.acm.org.acm.han.buw.uw.edu.pl/10.1145/1985793.1985859},
 doi = {10.1145/1985793.1985859},
 acmid = {1985859},
 publisher = {ACM},
 address = {New York, NY, USA},
 keywords = {buggy changes, buggy files, data quality, defect prediction, noise resistance},
}

@inproceedings{Wu:2011:RRL:2025113.2025120,
 author = {Wu, Rongxin and Zhang, Hongyu and Kim, Sunghun and Cheung, Shing-Chi},
 title = {ReLink: Recovering Links Between Bugs and Changes},
 booktitle = {Proceedings of the 19th ACM SIGSOFT Symposium and the 13th European Conference on Foundations of Software Engineering},
 series = {ESEC/FSE '11},
 year = {2011},
 isbn = {978-1-4503-0443-6},
 location = {Szeged, Hungary},
 pages = {15--25},
 numpages = {11},
 url = {http://doi.acm.org.acm.han.buw.uw.edu.pl/10.1145/2025113.2025120},
 doi = {10.1145/2025113.2025120},
 acmid = {2025120},
 publisher = {ACM},
 address = {New York, NY, USA},
 keywords = {bugs, changes, data quality, mining software repository, missing links},
}

@article{Turhan:2009:RVC:1612763.1612782,
 author = {Turhan, Burak and Menzies, Tim and Bener, Ay\c{s}e B. and Di Stefano, Justin},
 title = {On the Relative Value of Cross-company and Within-company Data for Defect Prediction},
 journal = {Empirical Softw. Engg.},
 issue_date = {October   2009},
 volume = {14},
 number = {5},
 month = oct,
 year = {2009},
 issn = {1382-3256},
 pages = {540--578},
 numpages = {39},
 url = {http://dx.doi.org.acm.han.buw.uw.edu.pl/10.1007/s10664-008-9103-7},
 doi = {10.1007/s10664-008-9103-7},
 acmid = {1612782},
 publisher = {Kluwer Academic Publishers},
 address = {Hingham, MA, USA},
 keywords = {Cross-company, Defect prediction, Learning, Metrics (product metrics), Nearest-neighbor filtering, Within-company},
} 

@inproceedings{Zeller:2011:FFW:2020390.2020395,
 author = {Zeller, Andreas and Zimmermann, Thomas and Bird, Christian},
 title = {Failure is a Four-letter Word: A Parody in Empirical Research},
 booktitle = {Proceedings of the 7th International Conference on Predictive Models in Software Engineering},
 series = {Promise '11},
 year = {2011},
 isbn = {978-1-4503-0709-3},
 location = {Banff, Alberta, Canada},
 pages = {5:1--5:7},
 articleno = {5},
 numpages = {7},
 url = {http://doi.acm.org.acm.han.buw.uw.edu.pl/10.1145/2020390.2020395},
 doi = {10.1145/2020390.2020395},
 acmid = {2020395},
 publisher = {ACM},
 address = {New York, NY, USA},
 keywords = {empirical research, parody},
} 

@inproceedings{Zimmermann:2009:CDP:1595696.1595713,
 author = {Zimmermann, Thomas and Nagappan, Nachiappan and Gall, Harald and Giger, Emanuel and Murphy, Brendan},
 title = {Cross-project Defect Prediction: A Large Scale Experiment on Data vs. Domain vs. Process},
 booktitle = {Proceedings of the the 7th Joint Meeting of the European Software Engineering Conference and the ACM SIGSOFT Symposium on The Foundations of Software Engineering},
 series = {ESEC/FSE '09},
 year = {2009},
 isbn = {978-1-60558-001-2},
 location = {Amsterdam, The Netherlands},
 pages = {91--100},
 numpages = {10},
 url = {http://doi.acm.org.acm.han.buw.uw.edu.pl/10.1145/1595696.1595713},
 doi = {10.1145/1595696.1595713},
 acmid = {1595713},
 publisher = {ACM},
 address = {New York, NY, USA},
 keywords = {churn, cross-project, decision trees, defect prediction, logistic regression, prediction quality},
} 



@article{Ekanayake:2012:TVD:2318097.2318151,
 author = {Ekanayake, Jayalath and Tappolet, Jonas and Gall, Harald C. and Bernstein, Abraham},
 title = {Time Variance and Defect Prediction in Software Projects},
 journal = {Empirical Softw. Engg.},
 issue_date = {August    2012},
 volume = {17},
 number = {4-5},
 month = aug,
 year = {2012},
 issn = {1382-3256},
 pages = {348--389},
 numpages = {42},
 url = {http://dx.doi.org.acm.han.buw.uw.edu.pl/10.1007/s10664-011-9180-x},
 doi = {10.1007/s10664-011-9180-x},
 acmid = {2318151},
 publisher = {Kluwer Academic Publishers},
 address = {Hingham, MA, USA},
 keywords = {Concept drift, Decision tree learner, Defect prediction, Mining software repository, Time variance},
} 



@inproceedings{Rahman:2012:RIC:2393596.2393669,
 author = {Rahman, Foyzur and Posnett, Daryl and Devanbu, Premkumar},
 title = {Recalling the "Imprecision" of Cross-project Defect Prediction},
 booktitle = {Proceedings of the ACM SIGSOFT 20th International Symposium on the Foundations of Software Engineering},
 series = {FSE '12},
 year = {2012},
 isbn = {978-1-4503-1614-9},
 location = {Cary, North Carolina},
 pages = {61:1--61:11},
 articleno = {61},
 numpages = {11},
 url = {http://doi.acm.org.acm.han.buw.uw.edu.pl/10.1145/2393596.2393669},
 doi = {10.1145/2393596.2393669},
 acmid = {2393669},
 publisher = {ACM},
 address = {New York, NY, USA},
 keywords = {empirical software engineering, fault prediction, inspection},
}

@inproceedings{Fukushima:2014:ESJ:2597073.2597075,
 author = {Fukushima, Takafumi and Kamei, Yasutaka and McIntosh, Shane and Yamashita, Kazuhiro and Ubayashi, Naoyasu},
 title = {An Empirical Study of Just-in-time Defect Prediction Using Cross-project Models},
 booktitle = {Proceedings of the 11th Working Conference on Mining Software Repositories},
 series = {MSR 2014},
 year = {2014},
 isbn = {978-1-4503-2863-0},
 location = {Hyderabad, India},
 pages = {172--181},
 numpages = {10},
 url = {http://doi.acm.org.acm.han.buw.uw.edu.pl/10.1145/2597073.2597075},
 doi = {10.1145/2597073.2597075},
 acmid = {2597075},
 publisher = {ACM},
 address = {New York, NY, USA},
 keywords = {Empirical study, software quality},
} 

@inproceedings{Kochhar:2014:BFM:2597073.2597105,
 author = {Kochhar, Pavneet Singh and Le, Tien-Duy B. and Lo, David},
 title = {It's Not a Bug, It's a Feature: Does Misclassification Affect Bug Localization?},
 booktitle = {Proceedings of the 11th Working Conference on Mining Software Repositories},
 series = {MSR 2014},
 year = {2014},
 isbn = {978-1-4503-2863-0},
 location = {Hyderabad, India},
 pages = {296--299},
 numpages = {4},
 url = {http://doi.acm.org.acm.han.buw.uw.edu.pl/10.1145/2597073.2597105},
 doi = {10.1145/2597073.2597105},
 acmid = {2597105},
 publisher = {ACM},
 address = {New York, NY, USA},
 keywords = {Bug Localization, Misclassification},
} 

@inproceedings{Zhang:2014:TBU:2597073.2597078,
 author = {Zhang, Feng and Mockus, Audris and Keivanloo, Iman and Zou, Ying},
 title = {Towards Building a Universal Defect Prediction Model},
 booktitle = {Proceedings of the 11th Working Conference on Mining Software Repositories},
 series = {MSR 2014},
 year = {2014},
 isbn = {978-1-4503-2863-0},
 location = {Hyderabad, India},
 pages = {182--191},
 numpages = {10},
 url = {http://doi.acm.org.acm.han.buw.uw.edu.pl/10.1145/2597073.2597078},
 doi = {10.1145/2597073.2597078},
 acmid = {2597078},
 publisher = {ACM},
 address = {New York, NY, USA},
 keywords = {Universal defect prediction model, bug, context factors, defect, defect prediction, large scale, quality, rank transformation},
}

@inproceedings{Falleri:2014:FAS:2642937.2642982,
 author = {Falleri, Jean-R{\'e}my and Morandat, Flor{\'e}al and Blanc, Xavier and Martinez, Matias and Montperrus, Martin},
 title = {Fine-grained and Accurate Source Code Differencing},
 booktitle = {Proceedings of the 29th ACM/IEEE International Conference on Automated Software Engineering},
 series = {ASE '14},
 year = {2014},
 isbn = {978-1-4503-3013-8},
 location = {Vasteras, Sweden},
 pages = {313--324},
 numpages = {12},
 url = {http://doi.acm.org.acm.han.buw.uw.edu.pl/10.1145/2642937.2642982},
 doi = {10.1145/2642937.2642982},
 acmid = {2642982},
 publisher = {ACM},
 address = {New York, NY, USA},
 keywords = {ast, program comprehension, software evolution, tree differencing},
} 

@online{first_bug,
author = {James S. Huggins},
title = {First Computer Bug},
date = {2000-08-16},
url = {http://www.jamesshuggins.com/h/tek1/first_computer_bug.htm},
urldate = {2015-03-20},
}

@online{ariane,
author = {Douglas N. Arnold},
title = {The Explosion of the Ariane 5},
date = {2000-08-23},
url = {http://www.ima.umn.edu/~arnold/disasters/ariane.html},
urldate = {2015-03-20}
}

@online{gdb,
title = {{GDB}: The {GNU} Project Debugger},
url = {http://www.gnu.org/software/gdb/},
organization = {Free Software Foundation, Inc.},
urldate = {2015-03-20}
}

@online{vs_debugger,
title = {Debugging in Visual Studio},
url = {http://msdn.microsoft.com/en-us/library/sc65sadd.aspx},
organization = {Microsoft Corporation},
urldate = {2015-03-20}
}

@inproceedings{puzzle,
 author = {Chen, Ning and Kim, Sunghun},
 title = {Puzzle-based Automatic Testing: Bringing Humans into the Loop by Solving Puzzles},
 booktitle = {Proceedings of the 27th IEEE/ACM International Conference on Automated Software Engineering},
 series = {ASE 2012},
 year = {2012},
 isbn = {978-1-4503-1204-2},
 location = {Essen, Germany},
 pages = {140--149},
 numpages = {10},
 publisher = {ACM},
 address = {New York, NY, USA},
}

@inproceedings{symbolic,
 author = {Bester, W. H. K. and Inggs, C. P. and Visser, W. C.},
 title = {Test-case Generation and Bug-finding Through Symbolic Execution},
 booktitle = {Proceedings of the South African Institute for Computer Scientists and Information Technologists Conference},
 series = {SAICSIT '12},
 year = {2012},
 isbn = {978-1-4503-1308-7},
 location = {Pretoria, South Africa},
 pages = {1--9},
 numpages = {9},
 publisher = {ACM},
 address = {New York, NY, USA},
} 

@inproceedings{findbugs,
 author = {Cole, Brian and Hakim, Daniel and Hovemeyer, David and Lazarus, Reuven and Pugh, William and Stephens, Kristin},
 title = {Improving Your Software Using Static Analysis to Find Bugs},
 booktitle = {Companion to the 21st ACM SIGPLAN Symposium on Object-oriented Programming Systems, Languages, and Applications},
 series = {OOPSLA '06},
 year = {2006},
 isbn = {1-59593-491-X},
 location = {Portland, Oregon, USA},
 pages = {673--674},
 numpages = {2},
 publisher = {ACM},
 address = {New York, NY, USA},
} 

@article{hatari,
 author = {\'{S}liwerski, Jacek and Zimmermann, Thomas and Zeller, Andreas},
 title = {HATARI: Raising Risk Awareness},
 journal = {SIGSOFT Softw. Eng. Notes},
 issue_date = {September 2005},
 volume = {30},
 number = {5},
 month = sep,
 year = {2005},
 issn = {0163-5948},
 pages = {107--110},
 numpages = {4},
 publisher = {ACM},
 address = {New York, NY, USA},
} 

@inproceedings{merits,
 author = {Caglayan, Bora and Bener, Ayse and Koch, Stefan},
 title = {Merits of Using Repository Metrics in Defect Prediction for Open Source Projects},
 booktitle = {Proceedings of the 2009 ICSE Workshop on Emerging Trends in Free/Libre/Open Source Software Research and Development},
 series = {FLOSS '09},
 year = {2009},
 isbn = {978-1-4244-3720-7},
 pages = {31--36},
 numpages = {6},
 publisher = {IEEE Computer Society},
 address = {Washington, DC, USA},
}

@inproceedings{comparative,
 author = {Moser, Raimund and Pedrycz, Witold and Succi, Giancarlo},
 title = {A Comparative Analysis of the Efficiency of Change Metrics and Static Code Attributes for Defect Prediction},
 booktitle = {Proceedings of the 30th International Conference on Software Engineering},
 series = {ICSE '08},
 year = {2008},
 isbn = {978-1-60558-079-1},
 location = {Leipzig, Germany},
 pages = {181--190},
 numpages = {10},
 publisher = {ACM},
 address = {New York, NY, USA},
}

@inproceedings{how_and_why,
 author = {Rahman, Foyzur and Devanbu, Premkumar},
 title = {How, and Why, Process Metrics Are Better},
 booktitle = {Proceedings of the 2013 International Conference on Software Engineering},
 series = {ICSE '13},
 year = {2013},
 isbn = {978-1-4673-3076-3},
 location = {San Francisco, CA, USA},
 pages = {432--441},
 numpages = {10},
 publisher = {IEEE Press},
 address = {Piscataway, NJ, USA},
} 

@book{git_book,
author = {Ravishankar Somasundaram},
title = {Git: Version Control for Everyone},
year = {2013},
month = jan,
publisher = {Packt Publishing},
location = {Birmingham - Mumbai},
isbn = {978-1-84951-752-2},
}

@online{subversion,
title = {Apache Subversion},
url = {http://subversion.apache.org/},
organization = {Apache Software Foundation},
urldate = {2015-03-22},
}

@online{git,
title = {Git},
url = {http://git-scm.com/},
urldate = {2015-03-22},
}

@online{mercurial,
title = {Mercurial SCM},
url = {http://mercurial.selenic.com/},
urldate = {2015-03-22},
}

@online{mercurial_wiki,
title = {ChangeSet - Mercurial},
url = {http://mercurial.selenic.com/wiki/ChangeSet},
author = {MaytagMetalark},
date = {2013-11-06},
urldate = {2015-03-25},
}

@online{popularity1,
title = {TIOBE Index for March 2015},
url = {http://www.tiobe.com/index.php/content/paperinfo/tpci/index.html},
urldate = {2015-04-02},
}

@online{popularity2,
title = {Most Popular Coding Languages of 2015},
date = {2015-02-09},
url = {http://blog.codeeval.com/codeevalblog/2015},
urldate = {2015-04-02},
}

@article{Janes,
 author = {Janes, Andrea and Scotto, Marco and Pedrycz, Witold and Russo, Barbara and Stefanovic, Milorad and Succi, Giancarlo},
 title = {Identification of Defect-prone Classes in Telecommunication Software Systems Using Design Metrics},
 journal = {Inf. Sci.},
 issue_date = {December, 2006},
 volume = {176},
 number = {24},
 month = dec,
 year = {2006},
 issn = {0020-0255},
 pages = {3711--3734},
 numpages = {24},
 publisher = {Elsevier Science Inc.},
}

@inproceedings{method-level,
 author = {Giger, Emanuel and D'Ambros, Marco and Pinzger, Martin and Gall, Harald C.},
 title = {Method-level Bug Prediction},
 booktitle = {Proceedings of the ACM-IEEE International Symposium on Empirical Software Engineering and Measurement},
 series = {ESEM '12},
 year = {2012},
 isbn = {978-1-4503-1056-7},
 location = {Lund, Sweden},
 pages = {171--180},
 numpages = {10},
 publisher = {ACM},
 address = {New York, NY, USA},
}

@inproceedings{Tomaszewski,
 author = {Tomaszewski, Piotr and Lundberg, Lars and Grahn, Hakan},
 title = {Increasing the Efficiency of Fault Detection in Modified Code},
 booktitle = {Proceedings of the 12th Asia-Pacific Software Engineering Conference},
 series = {APSEC '05},
 year = {2005},
 isbn = {0-7695-2465-6},
 pages = {421--430},
 numpages = {10},
 publisher = {IEEE Computer Society},
 address = {Washington, DC, USA},
} 

@inproceedings{complexity,
 author = {Hassan, Ahmed E.},
 title = {Predicting Faults Using the Complexity of Code Changes},
 booktitle = {Proceedings of the 31st International Conference on Software Engineering},
 series = {ICSE '09},
 year = {2009},
 isbn = {978-1-4244-3453-4},
 pages = {78--88},
 numpages = {11},
 publisher = {IEEE Computer Society},
 address = {Washington, DC, USA},
} 

@article{systematic,
 author = {Arisholm, Erik and Briand, Lionel C. and Johannessen, Eivind B.},
 title = {A Systematic and Comprehensive Investigation of Methods to Build and Evaluate Fault Prediction Models},
 journal = {J. Syst. Softw.},
 issue_date = {January, 2010},
 volume = {83},
 number = {1},
 month = jan,
 year = {2010},
 issn = {0164-1212},
 pages = {2--17},
 numpages = {16},
 publisher = {Elsevier Science Inc.},
 address = {New York, NY, USA},
} 